@manual{LaTexWiki,
  title = {Latex Wiki},
  note  = {\url{https://texwiki.texjp.org}}
}
@article{渡辺豊2016,
  title   = {角皆静男先生のご逝去を悼む},
  author  = {渡辺 豊},
  journal = {地球化学},
  volume  = {50},
  number  = {1},
  pages   = {1--3},
  year    = {2016},
  doi     = {10.14934/chikyukagaku.50.01_i}
}