
%==========================================================================================
%========================================== Book ==========================================
%==========================================================================================

%ドローン市場
@article{article-drone01,
	author =	"野波 健蔵",
	title =		"ドローン技術の現状と課題およびビジネス最前",
	journal =	"情報管理",
	volume =	"59",
	number =	11,
	pages =		"755--763",
	year =		2017}

@article{article-drone02,
	author =	"Chen, Jessie Y. C. and Haas, Ellen C. and Barnes, Michael J.",
	title =		"Human Performance Issues and User Interface Design for Teleoperated Robots",
	journal =	"IEEE Transactions on Systems, Man, and Cybernetics, Part C (Applications and Reviews)",
	volume =	"37",
	number =	6,
	pages =		"1231--1245",
	year =		2007}

%点検
@article{article-drone03,
  author = "Sophie Jordan and Julian Moore and Sierra E. Hovet and jonny box and Jason Perry and Kevin Kirsche and Dexter Lewis and Zion Tsz Ho Tse",
  title = "State-of-the-art technologies for UAV inspections",
  journal = "Iet Radar Sonar and Navigation",
  volume = "12",
	number = null,
  pages = "151--164",
  year = 2018}

@article{article-drone04,
  author = "Kerle, Norman and Nex, Francesco and Gerke, Markus and Duarte, Diogo and Vetrivel, Anand",
  title = "UAV-Based Structural Damage Mapping: A Review",
  journal = "ISPRS International Journal of Geo-Information",
  volume = "9",
	number = 1,
  pages = "1--21",
  year = 2019}

@inproceedings{book-drone01,
	author =	"Nikolic, Janosch and Burri, Michael and Rehder, Joern and Leutenegger, Stefan and Huerzeler, Christoph and Siegwart, Roland",
	title =		"A UAV system for inspection of industrial facilities",
	booktitle =	"2013 IEEE Aerospace Conference",
	volume =	null,
	number =	null,
	pages =		"1--8",
	year =		2013}

@article{article-drone05,
	author =	"二村 憲太郎 and 槌本 敬大 and 宮内 博之 and 山岸 直樹",
	title =		"実大実験棟を活用したドローンによる点検の有効性の検証とドローンによる点検方法の確立のための実験の報告",
	journal =	"日本建築学会技術報告集",
	volume =	"25",
	number =	59,
	pages =		"509--514",
	year =		2019}

%カメラをもとに操縦
@article{article-drone05,
	author =	"Jennifer Casper and Robin R. Murphy",
	title =		"Human-robot interactions during the robot-assisted urban search and rescue response at the World Trade Center",
	journal =	"IEEE Transactions on Systems, Man, and Cybernetics, Part B (Cybernetics)",
	volume =	"33",
	number =	3,
	pages =		"367--385",
	year =		2003}

%カメラが前方しか写さない
@article{article-drone06,
	author =	"David D. Woods and James S. Tittle and Magnus Feil and Axel Roesler",
	title =		"Envisioning human-robot coordination in future operations",
	journal =	"IEEE Transactions on Systems, Man, and Cybernetics, Part C (Applications and Reviews)",
	volume =	"34",
	number =	2,
	pages =		"210--218",
	year =		2004}

%FPVの危険性
@inproceedings{book-drone02,
	author =	"Green, Scott A. and Chase, J. Geoffrey and Chen, XiaoQi and Billinghurst, Mark",
	title =		"Evaluating the Augmented Reality Human-Robot Collaboration System",
	booktitle =	"2008 15th International Conference on Mechatronics and Machine Vision in Practice",
	volume =	null,
	number =	null,
	pages =		"521--526",
	year =		2008}

@inproceedings{book-drone03,
	author =	"Kurt A. Kempster and Rudy Darken and Barry Peterson",
	title =		"Effects of streaming video quality of service on spatial comprehension in a reconnaissance task",
	booktitle =	"Proc. 23rd Army Sci. Conf",
	volume =	null,
	number =	null,
	pages =		"391--400",
	year =		2001}

@article{article-ar01,
	author =	"Bob G. Witmer and Wallace J. Sadowski",
	title =		"Nonvisually Guided Locomotion to a Previously Viewed Target in Real and Virtual Environments",
	journal =	"Human Factors: The Journal of Human Factors and Ergonomics Society",
	volume =	"40",
	number =	null,
	pages =		"478--488",
	year =		1998}

@article{article-ar01,
	author =	"James S. Tittle and Axel Roesler and David D. Woods",
	title =		"The Remote Perception Problem",
	journal =	"Proceedings of the Human Factors and Ergonomics Society Annual Meeting",
	volume =	"46",
	number =	3,
	pages =		"260--264",
	year =		2002}

%%奥行きの低下
@article{article-ar01,
	author =	"Zollmann, Stefanie and Hoppe, Christof and Langlotz, Tobias and Reitmayr, Gerhard",
	title =		"FlyAR: Augmented Reality Supported Micro Aerial Vehicle Navigation",
	journal =	"IEEE Transactions on Visualization and Computer Graphics",
	volume =	"20",
	number =	4,
	pages =		"560--568",
	year =		2014}

@article{article-ar02,
	author =	"Arjun Kumar Kanduri and Geb W Thomas and Nathalie A. Cabro and Edmond Grin",
	title =		"The (In)Accuracy of Novice Rover Operators Perception of Obstacle Height From Monoscopic Images",
	journal =	"IEEE Transactions on Visualization and Computer Graphics",
	volume =	"35",
	number =	4,
	pages =		"505--512",
	year =		2005}

%障害物回避の危険性
@article{article-drone06,
	author =	"山越 靖之 and 木田 哲夫 and 湯浅 弘章",
	title =		"屋内空間におけるドローンの活用に関する検証 (平成30年度消防技術安全所の検証成果等) -- (消防活動・隊員の安全管理に関する技術改良・検証)",
	journal =	"消防技術安全所報",
	volume =	null,
	number =	56,
	pages =		"26--37",
	year =		2019}

%ARとは
@article{article-ar02,
	author =	"Julie Carmigniani and Borko Furht and Marco Anisetti and Paolo Ceravolo and Ernesto Damiani and Miodrag Ivkovic",
	title =		"Augmented reality technologies, systems and applications",
	journal =	"Multimedia Tools and Applications",
	volume =	"51",
	number =	1,
	pages =		"341--377",
	year =		2010}

@article{article-ar02,
	author =	"Scott A. Green and Mark Billinghurst and XiaoQi Chen and J. Geoffrey Chase",
	title =		"Human-Robot Collaboration: A Literature Review and Augmented Reality Approach in Design",
	journal =	"International Journal of Advanced Robotic Systems",
	volume =	"5",
	number =	1,
	pages =		"1--18",
	year =		2008}

%==========================================================================================
%========================================== related =========================================
%==========================================================================================


@inproceedings{book-ar01,
	author =	"Walker, Michael and Hedayati, Hooman and Lee, Jennifer and Szafir, Daniel",
	title =		"Communicating Robot Motion Intent with Augmented Reality",
	booktitle =	"2018 13th ACM/IEEE International Conference on Human-Robot Interaction (HRI)",
	volume =	null,
	number =	null,
	pages =		"316--324",
	year =		2018}

@inproceedings{book-ar02,
	author =	"Hedayati, Hooman and Walker, Michael and Szafir, Daniel",
	title =		"Improving Collocated Robot Teleoperation with Augmented Reality",
	booktitle =	"2018 13th ACM/IEEE International Conference on Human-Robot Interaction (HRI)",
	volume =	null,
	number =	null,
	pages =		"78--86",
	year =		2018}

@inproceedings{book-ar03,
	author =	"Yoshinari Kameda and Tohru Takemasa and Yuichi Ohta",
	title =		"Outdoor see-through vision utilizing surveillance cameras",
	booktitle =	"Third IEEE and ACM International Symposium on Mixed and Augmented Reality",
	volume =	null,
	number =	null,
	pages =		"151--160",
	year =		2004}

@inproceedings{book-ar04,
	author =	"Liu, Chuhao and Shen, Shaojie",
	title =		"An Augmented Reality Interaction Interface for Autonomous Drone",
	booktitle =	"2020 IEEE/RSJ International Conference on Intelligent Robots and Systems (IROS)",
	volume =	null,
	number =	null,
	pages =		"11419--11424",
	year =		2020}




@article{article-ar02,
	author =	"Erat, Okan and Isop, Werner Alexander and Kalkofen, Denis and Schmalstieg, Dieter",
	title =		"Drone-Augmented Human Vision: Exocentric Control for Drones Exploring Hidden Areas",
	journal =	"IEEE Transactions on Visualization and Computer Graphics",
	volume =	"24",
	number =	4,
	pages =		"1437--1446",
	year =		2018}


%==========================================================================================
%========================================== drone ==========================================
%==========================================================================================

@techreport{battery01,
	author =	"山田 開斗 and 薄羽 大樹 and 宮下 芳明",
	title =		"ドローン操縦におけるクロッシングの評価",
	institution =		"明治大学, 明治大学, 明治大学",
	number = 2,
	year =		2019}

%battery
@article{article-ar02,
	author =	"Erat, Okan and Isop, Werner Alexander and Kalkofen, Denis and Schmalstieg, Dieter",
	title =		"Application of UAV imaging platform for vegetation analysis based on spectral-spatial methods",
	journal =	"IEEE Transactions on Visualization and Computer Graphics",
	volume =	"24",
	number =	4,
	pages =		"1437--1446",
	year =		2018}

%==========================================================================================
%========================================= WebPage ========================================
%==========================================================================================

@webpage{web-udp,
	author =	" J. Postel",
	title =		"User Datagram Protocol",
    organization =		"RFC 768",
    url =		"https://www.rfc-editor.org/info/rfc768",
	refdate =	"2022-06-13"}





