@inproceedings{Ioanna,
author = {Samprakou, Ioanna and Bouras, Christos and Karoubalis, Theodore},
year = {2004},
month = {01},
pages = {249-255},
title = {Fast and Efficient IP Handover in IEEE 802.11 Wireless LANs.}
}

@article{ttls,
title="Diameter EAP Applicationに基づくネットワークアクセス認証のためのEAP-TTLSの実装",
author="厚谷 有輝 and Souheil Ben Ayed and 寺岡 文男",
journal="コンピュータソフトウェア",
volume="29",
number="4",
pages="130-145",
year="2012",
doi="10.11309/jssst.29.4\_130",
}

@ARTICLE{1269714,
author={A. {Mishra} and {Min Ho Shin} and N. L. {Petroni} and T. C. {Clancy} and W. A. {Arbaugh}},
journal={IEEE Wireless Communications},
title={Proactive key distribution using neighbor graphs},
year={2004},
volume={11},
number={1},
pages={26-36},
keywords={wireless LAN;mobile radio;network topology;telecommunication security;message authentication;graph theory;wireless data networks;user mobility;access points;neighbor graph;authentication time;IEEE 802.11 handoff;Wi-Fi networks;wireless LAN;Authentication;Delay;Wireless networks;Communication system security;Roaming;GSM;Multiaccess communication;Telephone sets;Base stations;Land mobile radio cellular systems},
doi={10.1109/MWC.2004.1269714},
ISSN={1558-0687},
month={Feb},}

@misc{CiscoMer71:online,
author = {},
title = {{C}isco {M}eraki {MR}シリーズ},
howpublished = {https://cisco-start.dis-info.jp{\slash}cisco-meraki{\slash}mr.html},
month = {},
year = {},
note = {(Accessed on 01/09/2020)}
}
